@inproceedings{zdplaskin2008,
        author = {{Pancheshnyi}, Sergey and {Eismann}, Benjamin and {Hagelaar}, Gerjan and {Pitchford}, Leanne},
         title = {{ZDPlasKin}: a new tool for plasmachemical simulations},
         month = {September},
          year = {2008},
     booktitle = {The Eleventh International Symposium on High Pressure, Low Temperature Plasma Chemistry (HAKONE XI)},
       address = {Oleron Island, France}
}

@online{nitrogen_example,
        author = {{Pancheshnyi}, Sergey and {Eismann}, Benjamin and {Hagelaar}, Gerjan and {Pitchford}, Leanne},
         title = {External profiles of electron density and electric field},
           url = {http://www.zdplaskin.laplace.univ-tlse.fr/index.html@p=332.html},
          year = {2015},
   institution = {{University of Toulouse, LAPLACE, CNRS-UPS-INP}}
}

@book{capitelli2000,
        author = {{Capitelli}, Mario and {Ferreira}, Carlos M and {Gordiets}, Boris F and {Osipov}, Alexey I},
         title = {Plasma Kinetics in Atmospheric Gases},
     publisher = {Springer},
          year = {2000}
}
