@article{Lymberopoulos1993,
    author = {Lymberopoulos, Dimitris P. and Economou, Demetre J.},
    title = {Fluid simulations of glow discharges: Effect of metastable atoms in argon},
    journal = {Journal of Applied Physics},
    volume = {73},
    number = {8},
    pages = {3668-3679},
    year = {1993},
    month = {04},
    issn = {0021-8979},
    doi = {10.1063/1.352926}
}

@article{Gogolides1992,
  author = {E. Gogolides and H.H. Sawin and R.A. Brown},
  title = {Direct calculation of time-periodic states of continuum models of radio-frequency plasmas},
  journal = {Chemical Engineering Science},
  volume = {47},
  number = {15},
  pages = {3839-3855},
  year = {1992},
  issn = {0009-2509},
  doi = {10.1016/0009-2509(92)85133-V}
}

@article{lieberman1994principles,
  title={Principles of plasma discharges and materials processing},
  author={Lieberman, Michael A and Lichtenberg, Allan J},
  journal={MRS Bulletin},
  volume={30},
  number={12},
  pages={899--901},
  year={1994}
}

@article{mcmillin1995two,
  title={Two-dimensional argon metastable density measurements in a radio frequency plasma reactor by planar laser-induced fluorescence imaging},
  author={McMillin, Brian K and Zachariah, Michael R},
  journal={Journal of applied physics},
  volume={77},
  number={11},
  pages={5538--5544},
  year={1995},
  publisher={American Institute of Physics}
}

@article{greenberg1993electron,
  title={Electron and metastable densities in parallel-plate radio-frequency discharges},
  author={Greenberg, KE and Hebner, GA},
  journal={Journal of applied physics},
  volume={73},
  number={12},
  pages={8126--8133},
  year={1993},
  publisher={American Institute of Physics}
}


@article{hagelaar2000boundary,
  title={Boundary conditions in fluid models of gas discharges},
  author={Hagelaar, GJM and De Hoog, FJ and Kroesen, GMW},
  journal={Physical Review E},
  volume={62},
  number={1},
  pages={1452},
  year={2000},
  publisher={APS},
  doi = {10.1103/PhysRevE.62.1452}
}

@article{lymberopoulos1994modeling,
  title={Modeling and simulation of glow discharge plasma reactors},
  author={Lymberopoulos, Dimitris P and Economou, Demetre J},
  journal={Journal of Vacuum Science \& Technology A: Vacuum, Surfaces, and Films},
  volume={12},
  number={4},
  pages={1229--1236},
  year={1994},
  publisher={American Vacuum Society},
  doi = {10.1116/1.579300}
}

@article{forbes2006simple,
  title={Simple good approximations for the special elliptic functions in standard Fowler-Nordheim tunneling theory for a Schottky-Nordheim barrier},
  author={Forbes, Richard G},
  journal={Applied physics letters},
  volume={89},
  number={11},
  year={2006},
  publisher={AIP Publishing},
  doi = {10.1063/1.2354582}
}

@article{forbes2008physics,
  title={Physics of generalized Fowler-Nordheim-type equations},
  author={Forbes, Richard G},
  journal={Journal of Vacuum Science \& Technology B: Microelectronics and Nanometer Structures Processing, Measurement, and Phenomena},
  volume={26},
  number={2},
  pages={788--793},
  year={2008},
  publisher={AIP Publishing},
  doi = {10.1116/1.2827505}
}

@article{sakiyama2006corona,
  title={Corona-glow transition in the atmospheric pressure RF-excited plasma needle},
  author={Sakiyama, Y and Graves, David B},
  journal={Journal of Physics D: Applied Physics},
  volume={39},
  number={16},
  pages={3644},
  year={2006},
  publisher={IOP Publishing},
  doi = {10.1088/0022-3727/39/16/018}
}

@article{sakiyama2007nonthermal,
  title={Nonthermal atmospheric rf plasma in one-dimensional spherical coordinates: asymmetric sheath structure and the discharge mechanism},
  author={Sakiyama, Yukinori and Graves, David B},
  journal={Journal of applied physics},
  volume={101},
  number={7},
  year={2007},
  publisher={AIP Publishing},
  doi = {https://doi.org/10.1063/1.2715745}
}

@article{go2012theoretical,
  title={Theoretical analysis of ion-enhanced thermionic emission for low-temperature, non-equilibrium gas discharges},
  author={Go, David B},
  journal={Journal of Physics D: Applied Physics},
  volume={46},
  number={3},
  pages={035202},
  year={2012},
  publisher={IOP Publishing},
  doi ={10.1088/0022-3727/46/3/035202}
}

@article{tian2014atmospheric,
  title={Atmospheric pressure dielectric barrier discharges interacting with liquid covered tissue},
  author={Tian, Wei and Kushner, Mark J},
  journal={Journal of Physics D: Applied Physics},
  volume={47},
  number={16},
  pages={165201},
  year={2014},
  publisher={IOP Publishing},
  doi ={10.1088/0022-3727/47/16/165201}
}
