@article{zapdos-paper,
  doi = {10.1088/0022-3727/49/23/235204},
  year = {2016},
  publisher = {IOP Publishing},
  volume = {49},
  number = {23},
  pages = {235204},
  author = {Alexander D. Lindsay and David B. Graves and Steven C. Shannon},
  title = {Fully coupled simulation of the plasma liquid interface and interfacial coefficient effects},
  journal = {Journal of Physics D: Applied Physics}
}

@article{ezzat2021,
  author = {Ezzat, Mohamed and Vogler, Daniel and Saar, Martin O. and Adams, Benjamin M.},
  title = {Simulating Plasma Formation in Pores under Short Electric Pulses for Plasma Pulse Geo Drilling ({PPGD})},
  journal = {Energies},
  volume = {14},
  year = {2021},
  number = {16},
  article-number = {4717},
  issn = {1996-1073},
  doi = {10.3390/en14164717}
}

@article{keniley2022,
  doi = {10.1088/1361-6595/ac7891},
  year = {2022},
  month = {jul},
  publisher = {IOP Publishing},
  volume = {31},
  number = {7},
  pages = {075001},
  author = {Shane Keniley and Necip B Uner and Elizabeth Perez and R Mohan Sankaran and Davide Curreli},
  title = {Multiphase modeling of the DC plasmaâ€“water interface: application to hydrogen peroxide generation with experimental validation},
  journal = {Plasma Sources Science and Technology}
}

@article{dechant2023psst,
  author = {Corey DeChant and Casey Icenhour and Shane Keniley and Alexander Lindsay and Grayson Gall and Kimberly Clein Hizon and Davide Curreli and Steven Shannon},
  title = {Verification Methods for Drift-Diffusion Reaction Models for Plasma Simulations},
  year = {2023},
  volume = {32},
  number = {4},
  pages = {044006},
  journal = {Plasma Sources Science and Technology},
  doi = {10.1088/1361-6595/acce65}
}

@article{dechant2023cpc,
    author = {Corey DeChant and Casey Icenhour and Shane Keniley and Grayson Gall and Alexander Lindsay and Davide Curelli and Steven Shannon},
    title = {Verification and Validation of the Open-Source Plasma Fluid Code: Zapdos},
    journal = {Computer Physics Communications},
    year = {2023},
    volume = {291},
    pages = {108837},
    doi = {10.1016/j.cpc.2023.108837}
}

@article{robinson2025ppap,
    author = {Connor D. Robinson and Nicholas L. Sponsel and Katharina Stapelmann},
    title = {Bubbling Water-Treating {DBD} Plasma Device Optimization Using Experimental and Computational Methods},
    journal = {Plasma Processes and Polymers},
    year = {2025},
    number = {e70000},
    doi = {10.1002/ppap.70000}
}
