@phdthesis{haase,
  title={Enhanced Thermionic Energy Conversion Using Microplasmas and Diamond Electrodes},
  url={https://curate.nd.edu/show/qr46qz23w81},
  author={Haase, John R.},
  year={2018},
  school={University of Notre Dame}
}

@phdthesis{lindsay,
  title={Coupling of Plasmas and Liquids},
  author={Lindsay, Alexander David},
  year={2016},
  url={http://www.lib.ncsu.edu/resolver/1840.16/11273},
  school={North Carolina State University}
}
